%YAML 1.1
%TAG !u! tag:unity3d.com,2011:
--- !u!1 &100000
GameObject:
  m_ObjectHideFlags: 1
  m_PrefabParentObject: {fileID: 0}
  m_PrefabInternal: {fileID: 100100000}
  serializedVersion: 4
  m_Component:
  - 4: {fileID: 400000}
  - 20: {fileID: 2000000}
  - 124: {fileID: 12400000}
  - 114: {fileID: 11400002}
  - 114: {fileID: 11400000}
  - 114: {fileID: 11400008}
  m_Layer: 8
  m_Name: CameraLeft
  m_TagString: MainCamera
  m_Icon: {fileID: 0}
  m_NavMeshLayer: 0
  m_StaticEditorFlags: 0
  m_IsActive: 1
--- !u!1 &100002
GameObject:
  m_ObjectHideFlags: 0
  m_PrefabParentObject: {fileID: 0}
  m_PrefabInternal: {fileID: 100100000}
  serializedVersion: 4
  m_Component:
  - 4: {fileID: 400002}
  - 114: {fileID: 11400006}
  - 114: {fileID: 11400004}
  m_Layer: 8
  m_Name: OVRCameraController
  m_TagString: Untagged
  m_Icon: {fileID: 0}
  m_NavMeshLayer: 0
  m_StaticEditorFlags: 0
  m_IsActive: 0
--- !u!1 &100004
GameObject:
  m_ObjectHideFlags: 0
  m_PrefabParentObject: {fileID: 0}
  m_PrefabInternal: {fileID: 100100000}
  serializedVersion: 4
  m_Component:
  - 4: {fileID: 400004}
  - 143: {fileID: 14300000}
  - 114: {fileID: 11400012}
  - 114: {fileID: 11400010}
  - 114: {fileID: 11400022}
  - 114: {fileID: 11400020}
  - 114: {fileID: 11400026}
  m_Layer: 8
  m_Name: Rat
  m_TagString: Untagged
  m_Icon: {fileID: 0}
  m_NavMeshLayer: 0
  m_StaticEditorFlags: 0
  m_IsActive: 1
--- !u!1 &100006
GameObject:
  m_ObjectHideFlags: 0
  m_PrefabParentObject: {fileID: 0}
  m_PrefabInternal: {fileID: 100100000}
  serializedVersion: 4
  m_Component:
  - 4: {fileID: 400006}
  m_Layer: 8
  m_Name: ForwardDirection
  m_TagString: Untagged
  m_Icon: {fileID: 0}
  m_NavMeshLayer: 0
  m_StaticEditorFlags: 0
  m_IsActive: 1
--- !u!1 &100008
GameObject:
  m_ObjectHideFlags: 1
  m_PrefabParentObject: {fileID: 0}
  m_PrefabInternal: {fileID: 100100000}
  serializedVersion: 4
  m_Component:
  - 4: {fileID: 400008}
  - 20: {fileID: 2000002}
  - 124: {fileID: 12400002}
  - 81: {fileID: 8100000}
  - 114: {fileID: 11400016}
  - 114: {fileID: 11400014}
  - 114: {fileID: 11400018}
  - 114: {fileID: 11400024}
  m_Layer: 8
  m_Name: CameraRight
  m_TagString: MainCamera
  m_Icon: {fileID: 0}
  m_NavMeshLayer: 0
  m_StaticEditorFlags: 0
  m_IsActive: 1
--- !u!1 &100010
GameObject:
  m_ObjectHideFlags: 1
  m_PrefabParentObject: {fileID: 0}
  m_PrefabInternal: {fileID: 100100000}
  serializedVersion: 4
  m_Component:
  - 4: {fileID: 400010}
  - 111: {fileID: 11100000}
  - 135: {fileID: 13500000}
  - 114: {fileID: 11400028}
  m_Layer: 2
  m_Name: RatPrefab
  m_TagString: Untagged
  m_Icon: {fileID: 0}
  m_NavMeshLayer: 0
  m_StaticEditorFlags: 0
  m_IsActive: 1
--- !u!1 &100012
GameObject:
  m_ObjectHideFlags: 1
  m_PrefabParentObject: {fileID: 0}
  m_PrefabInternal: {fileID: 100100000}
  serializedVersion: 4
  m_Component:
  - 4: {fileID: 400012}
  m_Layer: 2
  m_Name: Armature
  m_TagString: Untagged
  m_Icon: {fileID: 0}
  m_NavMeshLayer: 0
  m_StaticEditorFlags: 0
  m_IsActive: 1
--- !u!1 &100014
GameObject:
  m_ObjectHideFlags: 1
  m_PrefabParentObject: {fileID: 0}
  m_PrefabInternal: {fileID: 100100000}
  serializedVersion: 4
  m_Component:
  - 4: {fileID: 400014}
  - 137: {fileID: 13700000}
  m_Layer: 2
  m_Name: Cube
  m_TagString: Untagged
  m_Icon: {fileID: 0}
  m_NavMeshLayer: 0
  m_StaticEditorFlags: 0
  m_IsActive: 1
--- !u!1 &100016
GameObject:
  m_ObjectHideFlags: 1
  m_PrefabParentObject: {fileID: 0}
  m_PrefabInternal: {fileID: 100100000}
  serializedVersion: 4
  m_Component:
  - 4: {fileID: 400016}
  m_Layer: 2
  m_Name: Bone
  m_TagString: Untagged
  m_Icon: {fileID: 0}
  m_NavMeshLayer: 0
  m_StaticEditorFlags: 0
  m_IsActive: 1
--- !u!1 &100018
GameObject:
  m_ObjectHideFlags: 1
  m_PrefabParentObject: {fileID: 0}
  m_PrefabInternal: {fileID: 100100000}
  serializedVersion: 4
  m_Component:
  - 4: {fileID: 400020}
  m_Layer: 2
  m_Name: Bone_001
  m_TagString: Untagged
  m_Icon: {fileID: 0}
  m_NavMeshLayer: 0
  m_StaticEditorFlags: 0
  m_IsActive: 1
--- !u!1 &100020
GameObject:
  m_ObjectHideFlags: 1
  m_PrefabParentObject: {fileID: 0}
  m_PrefabInternal: {fileID: 100100000}
  serializedVersion: 4
  m_Component:
  - 4: {fileID: 400022}
  m_Layer: 2
  m_Name: Bone_003
  m_TagString: Untagged
  m_Icon: {fileID: 0}
  m_NavMeshLayer: 0
  m_StaticEditorFlags: 0
  m_IsActive: 1
--- !u!1 &100022
GameObject:
  m_ObjectHideFlags: 1
  m_PrefabParentObject: {fileID: 0}
  m_PrefabInternal: {fileID: 100100000}
  serializedVersion: 4
  m_Component:
  - 4: {fileID: 400026}
  m_Layer: 2
  m_Name: Bone_004
  m_TagString: Untagged
  m_Icon: {fileID: 0}
  m_NavMeshLayer: 0
  m_StaticEditorFlags: 0
  m_IsActive: 1
--- !u!1 &100024
GameObject:
  m_ObjectHideFlags: 1
  m_PrefabParentObject: {fileID: 0}
  m_PrefabInternal: {fileID: 100100000}
  serializedVersion: 4
  m_Component:
  - 4: {fileID: 400024}
  m_Layer: 2
  m_Name: Bone_005
  m_TagString: Untagged
  m_Icon: {fileID: 0}
  m_NavMeshLayer: 0
  m_StaticEditorFlags: 0
  m_IsActive: 1
--- !u!1 &100026
GameObject:
  m_ObjectHideFlags: 1
  m_PrefabParentObject: {fileID: 0}
  m_PrefabInternal: {fileID: 100100000}
  serializedVersion: 4
  m_Component:
  - 4: {fileID: 400028}
  m_Layer: 2
  m_Name: Bone_006
  m_TagString: Untagged
  m_Icon: {fileID: 0}
  m_NavMeshLayer: 0
  m_StaticEditorFlags: 0
  m_IsActive: 1
--- !u!1 &100028
GameObject:
  m_ObjectHideFlags: 1
  m_PrefabParentObject: {fileID: 0}
  m_PrefabInternal: {fileID: 100100000}
  serializedVersion: 4
  m_Component:
  - 4: {fileID: 400018}
  m_Layer: 2
  m_Name: Bone_007
  m_TagString: Untagged
  m_Icon: {fileID: 0}
  m_NavMeshLayer: 0
  m_StaticEditorFlags: 0
  m_IsActive: 1
--- !u!1 &100030
GameObject:
  m_ObjectHideFlags: 1
  m_PrefabParentObject: {fileID: 0}
  m_PrefabInternal: {fileID: 100100000}
  serializedVersion: 4
  m_Component:
  - 4: {fileID: 400030}
  m_Layer: 2
  m_Name: Bone_008
  m_TagString: Untagged
  m_Icon: {fileID: 0}
  m_NavMeshLayer: 0
  m_StaticEditorFlags: 0
  m_IsActive: 1
--- !u!1 &100032
GameObject:
  m_ObjectHideFlags: 1
  m_PrefabParentObject: {fileID: 0}
  m_PrefabInternal: {fileID: 100100000}
  serializedVersion: 4
  m_Component:
  - 4: {fileID: 400036}
  m_Layer: 2
  m_Name: Bone_009
  m_TagString: Untagged
  m_Icon: {fileID: 0}
  m_NavMeshLayer: 0
  m_StaticEditorFlags: 0
  m_IsActive: 1
--- !u!1 &100034
GameObject:
  m_ObjectHideFlags: 1
  m_PrefabParentObject: {fileID: 0}
  m_PrefabInternal: {fileID: 100100000}
  serializedVersion: 4
  m_Component:
  - 4: {fileID: 400032}
  m_Layer: 2
  m_Name: Bone_010
  m_TagString: Untagged
  m_Icon: {fileID: 0}
  m_NavMeshLayer: 0
  m_StaticEditorFlags: 0
  m_IsActive: 1
--- !u!1 &100036
GameObject:
  m_ObjectHideFlags: 1
  m_PrefabParentObject: {fileID: 0}
  m_PrefabInternal: {fileID: 100100000}
  serializedVersion: 4
  m_Component:
  - 4: {fileID: 400038}
  m_Layer: 2
  m_Name: Bone_011
  m_TagString: Untagged
  m_Icon: {fileID: 0}
  m_NavMeshLayer: 0
  m_StaticEditorFlags: 0
  m_IsActive: 1
--- !u!1 &100038
GameObject:
  m_ObjectHideFlags: 1
  m_PrefabParentObject: {fileID: 0}
  m_PrefabInternal: {fileID: 100100000}
  serializedVersion: 4
  m_Component:
  - 4: {fileID: 400034}
  m_Layer: 2
  m_Name: Bone_012
  m_TagString: Untagged
  m_Icon: {fileID: 0}
  m_NavMeshLayer: 0
  m_StaticEditorFlags: 0
  m_IsActive: 1
--- !u!1 &100040
GameObject:
  m_ObjectHideFlags: 1
  m_PrefabParentObject: {fileID: 0}
  m_PrefabInternal: {fileID: 100100000}
  serializedVersion: 4
  m_Component:
  - 4: {fileID: 400040}
  m_Layer: 2
  m_Name: Bone_013
  m_TagString: Untagged
  m_Icon: {fileID: 0}
  m_NavMeshLayer: 0
  m_StaticEditorFlags: 0
  m_IsActive: 1
--- !u!1 &100042
GameObject:
  m_ObjectHideFlags: 1
  m_PrefabParentObject: {fileID: 0}
  m_PrefabInternal: {fileID: 100100000}
  serializedVersion: 4
  m_Component:
  - 4: {fileID: 400042}
  m_Layer: 2
  m_Name: Bone_014
  m_TagString: Untagged
  m_Icon: {fileID: 0}
  m_NavMeshLayer: 0
  m_StaticEditorFlags: 0
  m_IsActive: 1
--- !u!4 &400000
Transform:
  m_ObjectHideFlags: 1
  m_PrefabParentObject: {fileID: 0}
  m_PrefabInternal: {fileID: 100100000}
  m_GameObject: {fileID: 100000}
  m_LocalRotation: {x: 0, y: 0, z: 0, w: 1}
  m_LocalPosition: {x: 0, y: 0, z: 0}
  m_LocalScale: {x: 1, y: 1, z: 1}
  m_Children: []
  m_Father: {fileID: 400002}
--- !u!4 &400002
Transform:
  m_ObjectHideFlags: 1
  m_PrefabParentObject: {fileID: 0}
  m_PrefabInternal: {fileID: 100100000}
  m_GameObject: {fileID: 100002}
  m_LocalRotation: {x: 3.68784896e-08, y: 0, z: -3.16101385e-08, w: 1}
  m_LocalPosition: {x: 0, y: .311672211, z: 1.29654014}
  m_LocalScale: {x: 1, y: 1, z: 1}
  m_Children:
  - {fileID: 400000}
  - {fileID: 400008}
  m_Father: {fileID: 400004}
--- !u!4 &400004
Transform:
  m_ObjectHideFlags: 1
  m_PrefabParentObject: {fileID: 0}
  m_PrefabInternal: {fileID: 100100000}
  m_GameObject: {fileID: 100004}
  m_LocalRotation: {x: 0, y: 0, z: 0, w: 1}
  m_LocalPosition: {x: .848571777, y: .301590919, z: 6.41606998}
  m_LocalScale: {x: .25, y: .25, z: .200000003}
  m_Children:
  - {fileID: 400006}
  - {fileID: 400002}
  m_Father: {fileID: 0}
--- !u!4 &400006
Transform:
  m_ObjectHideFlags: 1
  m_PrefabParentObject: {fileID: 0}
  m_PrefabInternal: {fileID: 100100000}
  m_GameObject: {fileID: 100006}
  m_LocalRotation: {x: 3.68784896e-08, y: 0, z: -3.16101385e-08, w: 1}
  m_LocalPosition: {x: 0, y: 0, z: 0}
  m_LocalScale: {x: 1, y: 1, z: 1}
  m_Children:
  - {fileID: 400010}
  m_Father: {fileID: 400004}
--- !u!4 &400008
Transform:
  m_ObjectHideFlags: 1
  m_PrefabParentObject: {fileID: 0}
  m_PrefabInternal: {fileID: 100100000}
  m_GameObject: {fileID: 100008}
  m_LocalRotation: {x: 0, y: 0, z: 0, w: 1}
  m_LocalPosition: {x: 0, y: 0, z: 0}
  m_LocalScale: {x: 1, y: 1, z: 1}
  m_Children: []
  m_Father: {fileID: 400002}
--- !u!4 &400010
Transform:
  m_ObjectHideFlags: 1
  m_PrefabParentObject: {fileID: 0}
  m_PrefabInternal: {fileID: 100100000}
  m_GameObject: {fileID: 100010}
  m_LocalRotation: {x: -4.84287774e-08, y: .707106888, z: -3.72529074e-09, w: .707106769}
  m_LocalPosition: {x: 0, y: -.421202689, z: -1.35627747}
  m_LocalScale: {x: 1, y: 1, z: 1}
  m_Children:
  - {fileID: 400012}
  - {fileID: 400014}
  m_Father: {fileID: 400006}
--- !u!4 &400012
Transform:
  m_ObjectHideFlags: 1
  m_PrefabParentObject: {fileID: 0}
  m_PrefabInternal: {fileID: 100100000}
  m_GameObject: {fileID: 100012}
  m_LocalRotation: {x: -.574786246, y: -.411850482, z: .411850423, w: .574786186}
  m_LocalPosition: {x: 0, y: 0, z: 0}
  m_LocalScale: {x: .99999994, y: 1, z: 1}
  m_Children:
  - {fileID: 400016}
  - {fileID: 400018}
  m_Father: {fileID: 400010}
--- !u!4 &400014
Transform:
  m_ObjectHideFlags: 1
  m_PrefabParentObject: {fileID: 0}
  m_PrefabInternal: {fileID: 100100000}
  m_GameObject: {fileID: 100014}
  m_LocalRotation: {x: 1.09488908e-15, y: .582444549, z: -9.88829075e-19, w: .812870502}
  m_LocalPosition: {x: 0, y: 0, z: 0}
  m_LocalScale: {x: .999999881, y: 1, z: .99999994}
  m_Children: []
  m_Father: {fileID: 400010}
--- !u!4 &400016
Transform:
  m_ObjectHideFlags: 1
  m_PrefabParentObject: {fileID: 0}
  m_PrefabInternal: {fileID: 100100000}
  m_GameObject: {fileID: 100016}
  m_LocalRotation: {x: .488537133, y: .511205912, z: -.488537133, w: .511205912}
  m_LocalPosition: {x: -0, y: 0, z: 0}
  m_LocalScale: {x: 1, y: 1, z: 1}
  m_Children:
  - {fileID: 400020}
  - {fileID: 400022}
  - {fileID: 400024}
  m_Father: {fileID: 400012}
--- !u!4 &400018
Transform:
  m_ObjectHideFlags: 1
  m_PrefabParentObject: {fileID: 0}
  m_PrefabInternal: {fileID: 100100000}
  m_GameObject: {fileID: 100028}
  m_LocalRotation: {x: .336008966, y: .65909332, z: .475759298, w: -.475759447}
  m_LocalPosition: {x: -0, y: 0, z: 0}
  m_LocalScale: {x: 1.00000012, y: 1, z: 1}
  m_Children:
  - {fileID: 400030}
  - {fileID: 400032}
  - {fileID: 400034}
  m_Father: {fileID: 400012}
--- !u!4 &400020
Transform:
  m_ObjectHideFlags: 1
  m_PrefabParentObject: {fileID: 0}
  m_PrefabInternal: {fileID: 100100000}
  m_GameObject: {fileID: 100018}
  m_LocalRotation: {x: .142611682, y: .022947127, z: .225090802, w: .96357125}
  m_LocalPosition: {x: -.75999999, y: 5.73784043e-08, z: 4.99999991e-15}
  m_LocalScale: {x: .99999994, y: .999999821, z: 1}
  m_Children: []
  m_Father: {fileID: 400016}
--- !u!4 &400022
Transform:
  m_ObjectHideFlags: 1
  m_PrefabParentObject: {fileID: 0}
  m_PrefabInternal: {fileID: 100100000}
  m_GameObject: {fileID: 100020}
  m_LocalRotation: {x: .344131649, y: .727915049, z: -.338665515, w: -.486845762}
  m_LocalPosition: {x: -.75999999, y: 5.73784043e-08, z: 4.99999991e-15}
  m_LocalScale: {x: 1, y: .99999994, z: .999999881}
  m_Children:
  - {fileID: 400026}
  m_Father: {fileID: 400016}
--- !u!4 &400024
Transform:
  m_ObjectHideFlags: 1
  m_PrefabParentObject: {fileID: 0}
  m_PrefabInternal: {fileID: 100100000}
  m_GameObject: {fileID: 100024}
  m_LocalRotation: {x: -.467736602, y: -.374221712, z: .710797548, w: .368710458}
  m_LocalPosition: {x: -.75999999, y: 5.73784043e-08, z: 4.99999991e-15}
  m_LocalScale: {x: 1.00000036, y: 1.00000012, z: 1.00000024}
  m_Children:
  - {fileID: 400028}
  m_Father: {fileID: 400016}
--- !u!4 &400026
Transform:
  m_ObjectHideFlags: 1
  m_PrefabParentObject: {fileID: 0}
  m_PrefabInternal: {fileID: 100100000}
  m_GameObject: {fileID: 100022}
  m_LocalRotation: {x: .704373062, y: .456813723, z: -.206157476, w: .502671838}
  m_LocalPosition: {x: -.52326107, y: 5.21540642e-08, z: 4.47034836e-08}
  m_LocalScale: {x: .99999994, y: .999999762, z: .999999881}
  m_Children: []
  m_Father: {fileID: 400022}
--- !u!4 &400028
Transform:
  m_ObjectHideFlags: 1
  m_PrefabParentObject: {fileID: 0}
  m_PrefabInternal: {fileID: 100100000}
  m_GameObject: {fileID: 100026}
  m_LocalRotation: {x: .704136789, y: .0511235893, z: -.49726513, w: .504286766}
  m_LocalPosition: {x: -.52066654, y: 5.96046448e-08, z: 3.7252903e-08}
  m_LocalScale: {x: 1.00000024, y: 1.00000012, z: 1.00000024}
  m_Children: []
  m_Father: {fileID: 400024}
--- !u!4 &400030
Transform:
  m_ObjectHideFlags: 1
  m_PrefabParentObject: {fileID: 0}
  m_PrefabInternal: {fileID: 100100000}
  m_GameObject: {fileID: 100030}
  m_LocalRotation: {x: -.275225729, y: -.266925573, z: .378465384, w: .842475832}
  m_LocalPosition: {x: -5.96046412e-08, y: 2.70264309e-08, z: 5.67936409e-09}
  m_LocalScale: {x: 1, y: 1, z: 1}
  m_Children:
  - {fileID: 400036}
  m_Father: {fileID: 400018}
--- !u!4 &400032
Transform:
  m_ObjectHideFlags: 1
  m_PrefabParentObject: {fileID: 0}
  m_PrefabInternal: {fileID: 100100000}
  m_GameObject: {fileID: 100034}
  m_LocalRotation: {x: -.464901537, y: .188328892, z: .422249556, w: .755052388}
  m_LocalPosition: {x: -5.96046412e-08, y: 2.70264309e-08, z: 5.67936409e-09}
  m_LocalScale: {x: 1.00000012, y: 1.00000012, z: 1}
  m_Children:
  - {fileID: 400038}
  m_Father: {fileID: 400018}
--- !u!4 &400034
Transform:
  m_ObjectHideFlags: 1
  m_PrefabParentObject: {fileID: 0}
  m_PrefabInternal: {fileID: 100100000}
  m_GameObject: {fileID: 100038}
  m_LocalRotation: {x: -.00281706569, y: .0509026237, z: .193022817, w: .979869008}
  m_LocalPosition: {x: -.779422939, y: 3.25962901e-08, z: 5.587935e-09}
  m_LocalScale: {x: .999999821, y: .999999821, z: .999999762}
  m_Children:
  - {fileID: 400040}
  m_Father: {fileID: 400018}
--- !u!4 &400036
Transform:
  m_ObjectHideFlags: 1
  m_PrefabParentObject: {fileID: 0}
  m_PrefabInternal: {fileID: 100100000}
  m_GameObject: {fileID: 100032}
  m_LocalRotation: {x: .33366251, y: .788223684, z: -.186484829, w: -.482282281}
  m_LocalPosition: {x: -.570833385, y: 4.12960297e-08, z: 1.67479897e-08}
  m_LocalScale: {x: .999999881, y: .999999881, z: 1}
  m_Children: []
  m_Father: {fileID: 400030}
--- !u!4 &400038
Transform:
  m_ObjectHideFlags: 1
  m_PrefabParentObject: {fileID: 0}
  m_PrefabInternal: {fileID: 100100000}
  m_GameObject: {fileID: 100036}
  m_LocalRotation: {x: .563017607, y: .809598565, z: .0964671969, w: -.13511315}
  m_LocalPosition: {x: -.576943278, y: 6.81431089e-08, z: 1.2159731e-08}
  m_LocalScale: {x: .999999762, y: .999999821, z: 1}
  m_Children: []
  m_Father: {fileID: 400032}
--- !u!4 &400040
Transform:
  m_ObjectHideFlags: 1
  m_PrefabParentObject: {fileID: 0}
  m_PrefabInternal: {fileID: 100100000}
  m_GameObject: {fileID: 100040}
  m_LocalRotation: {x: .000105079605, y: -.113363832, z: -.362662584, w: .924999774}
  m_LocalPosition: {x: -.744642973, y: 7.06641003e-08, z: 3.72529008e-09}
  m_LocalScale: {x: .99999994, y: 1, z: 1.00000012}
  m_Children:
  - {fileID: 400042}
  m_Father: {fileID: 400034}
--- !u!4 &400042
Transform:
  m_ObjectHideFlags: 1
  m_PrefabParentObject: {fileID: 0}
  m_PrefabInternal: {fileID: 100100000}
  m_GameObject: {fileID: 100042}
  m_LocalRotation: {x: -.000225000826, y: .0531128868, z: .153225213, w: .986762881}
  m_LocalPosition: {x: -1.14466178, y: 1.48429535e-07, z: -3.02679837e-08}
  m_LocalScale: {x: 1, y: 1, z: 1.00000012}
  m_Children: []
  m_Father: {fileID: 400040}
--- !u!20 &2000000
Camera:
  m_ObjectHideFlags: 1
  m_PrefabParentObject: {fileID: 0}
  m_PrefabInternal: {fileID: 100100000}
  m_GameObject: {fileID: 100000}
  m_Enabled: 1
  serializedVersion: 2
  m_ClearFlags: 1
  m_BackGroundColor: {r: .192156866, g: .301960796, b: .474509805, a: 0}
  m_NormalizedViewPortRect:
    serializedVersion: 2
    x: 0
    y: 0
    width: .5
    height: 1
  near clip plane: .150000006
  far clip plane: 1000
  field of view: 90
  orthographic: 0
  orthographic size: 100
  m_Depth: 1
  m_CullingMask:
    serializedVersion: 2
    m_Bits: 4294967295
  m_RenderingPath: -1
  m_TargetTexture: {fileID: 0}
  m_HDR: 0
  m_OcclusionCulling: 1
--- !u!20 &2000002
Camera:
  m_ObjectHideFlags: 1
  m_PrefabParentObject: {fileID: 0}
  m_PrefabInternal: {fileID: 100100000}
  m_GameObject: {fileID: 100008}
  m_Enabled: 1
  serializedVersion: 2
  m_ClearFlags: 1
  m_BackGroundColor: {r: .192156866, g: .301960796, b: .474509805, a: 0}
  m_NormalizedViewPortRect:
    serializedVersion: 2
    x: .5
    y: 0
    width: .499998987
    height: 1
  near clip plane: .150000006
  far clip plane: 1000
  field of view: 90
  orthographic: 0
  orthographic size: 100
  m_Depth: 0
  m_CullingMask:
    serializedVersion: 2
    m_Bits: 4294967295
  m_RenderingPath: -1
  m_TargetTexture: {fileID: 0}
  m_HDR: 0
  m_OcclusionCulling: 1
--- !u!81 &8100000
AudioListener:
  m_ObjectHideFlags: 1
  m_PrefabParentObject: {fileID: 0}
  m_PrefabInternal: {fileID: 100100000}
  m_GameObject: {fileID: 100008}
  m_Enabled: 1
--- !u!111 &11100000
Animation:
  m_ObjectHideFlags: 1
  m_PrefabParentObject: {fileID: 0}
  m_PrefabInternal: {fileID: 100100000}
  m_GameObject: {fileID: 100010}
  m_Enabled: 1
  serializedVersion: 3
  m_Animation: {fileID: 7400002, guid: 45c3e1db38cd2a54eb858f0df26734be, type: 3}
  m_Animations:
  - {fileID: 7400000, guid: 45c3e1db38cd2a54eb858f0df26734be, type: 3}
  - {fileID: 7400002, guid: 45c3e1db38cd2a54eb858f0df26734be, type: 3}
  m_WrapMode: 0
  m_PlayAutomatically: 1
  m_AnimatePhysics: 0
  m_CullingType: 1
--- !u!114 &11400000
MonoBehaviour:
  m_ObjectHideFlags: 1
  m_PrefabParentObject: {fileID: 0}
  m_PrefabInternal: {fileID: 100100000}
  m_GameObject: {fileID: 100000}
  m_Enabled: 1
  m_EditorHideFlags: 0
  m_Script: {fileID: 11500000, guid: f5be85f8438ca3145aac56e800a217cf, type: 3}
  m_Name: 
  m_EditorClassIdentifier: 
  material: {fileID: 2100000, guid: fa77fe97b0170804ab2b486d1cf3042f, type: 2}
  _Center: {x: .5, y: .5}
  _ScaleIn: {x: 1, y: 1}
  _Scale: {x: 1, y: 1}
  _HmdWarpParam: {x: 1, y: 0, z: 0, w: 0}
  material_CA: {fileID: 2100000, guid: 700ec7db7ac6ff24f9f4a3d4cd157910, type: 2}
  _ChromaticAberration: {x: .995999992, y: .991999984, z: 1.01400006, w: 1.01400006}
--- !u!114 &11400002
MonoBehaviour:
  m_ObjectHideFlags: 1
  m_PrefabParentObject: {fileID: 0}
  m_PrefabInternal: {fileID: 100100000}
  m_GameObject: {fileID: 100000}
  m_Enabled: 1
  m_EditorHideFlags: 0
  m_Script: {fileID: 11500000, guid: 467c1e6bb64de664bbba9800bb135078, type: 3}
  m_Name: 
  m_EditorClassIdentifier: 
  NeckPosition: {x: 0, y: .600000024, z: 0}
  EyePosition: {x: 0, y: .150000006, z: .0900000036}
--- !u!114 &11400004
MonoBehaviour:
  m_ObjectHideFlags: 1
  m_PrefabParentObject: {fileID: 0}
  m_PrefabInternal: {fileID: 100100000}
  m_GameObject: {fileID: 100002}
  m_Enabled: 1
  m_EditorHideFlags: 0
  m_Script: {fileID: 11500000, guid: 7e933e81d3c20c74ea6fdc708a67e3a5, type: 3}
  m_Name: 
  m_EditorClassIdentifier: 
  InitialPredictionTime: .0299999993
  ResetTrackerOnLoad: 1
--- !u!114 &11400006
MonoBehaviour:
  m_ObjectHideFlags: 1
  m_PrefabParentObject: {fileID: 0}
  m_PrefabInternal: {fileID: 100100000}
  m_GameObject: {fileID: 100002}
  m_Enabled: 1
  m_EditorHideFlags: 0
  m_Script: {fileID: 11500000, guid: df9f338034892c44ebb62d97894772f1, type: 3}
  m_Name: 
  m_EditorClassIdentifier: 
  ipd: .064000003
  verticalFOV: 90
  CameraRootPosition: {x: 0, y: 0, z: 0}
  NeckPosition: {x: 0, y: 0, z: 0}
  EyeCenterPosition: {x: 0, y: .150000006, z: .0900000036}
  UsePlayerEyeHeight: 0
  FollowOrientation: {fileID: 0}
  TrackerRotatesY: 1
  PortraitMode: 0
  EnableOrientation: 1
  PredictionOn: 1
  CallInPreRender: 0
  WireMode: 0
  LensCorrection: 1
  Chromatic: 1
  backgroundColor: {r: .192000002, g: .301999986, b: .474999994, a: 1}
  nearClipPlane: .150000006
  farClipPlane: 1000
--- !u!114 &11400008
MonoBehaviour:
  m_ObjectHideFlags: 1
  m_PrefabParentObject: {fileID: 0}
  m_PrefabInternal: {fileID: 100100000}
  m_GameObject: {fileID: 100000}
  m_Enabled: 1
  m_EditorHideFlags: 0
  m_Script: {fileID: 11500000, guid: 338cd69e9d8c0447f9a1a8db4690913b, type: 3}
  m_Name: 
  m_EditorClassIdentifier: 
  shader: {fileID: 4800000, guid: d1e3866eddaea4d9c98c8ae7a70ad6a8, type: 3}
  luminence: {r: 1, g: 1, b: 1, a: 0}
  noiseFactor: .00499999989
  scolour: 0
--- !u!114 &11400010
MonoBehaviour:
  m_ObjectHideFlags: 1
  m_PrefabParentObject: {fileID: 0}
  m_PrefabInternal: {fileID: 100100000}
  m_GameObject: {fileID: 100004}
  m_Enabled: 1
  m_EditorHideFlags: 0
  m_Script: {fileID: 11500000, guid: 0950df82e7936c84983497630bde5b54, type: 3}
  m_Name: 
  m_EditorClassIdentifier: 
  CameraController: {fileID: 11400006}
  AllowMouseRotation: 0
  Acceleration: .119999997
  Damping: .200000003
  BackAndSideDampen: .5
  JumpForce: .300000012
  RotationAmount: 1.5
  GravityModifier: .379000008
--- !u!114 &11400012
MonoBehaviour:
  m_ObjectHideFlags: 1
  m_PrefabParentObject: {fileID: 0}
  m_PrefabInternal: {fileID: 100100000}
  m_GameObject: {fileID: 100004}
  m_Enabled: 0
  m_EditorHideFlags: 0
  m_Script: {fileID: 11500000, guid: 1bf170db1c6a44a44941f0cfb6048fd4, type: 3}
  m_Name: 
  m_EditorClassIdentifier: 
--- !u!114 &11400014
MonoBehaviour:
  m_ObjectHideFlags: 1
  m_PrefabParentObject: {fileID: 0}
  m_PrefabInternal: {fileID: 100100000}
  m_GameObject: {fileID: 100008}
  m_Enabled: 1
  m_EditorHideFlags: 0
  m_Script: {fileID: 11500000, guid: f5be85f8438ca3145aac56e800a217cf, type: 3}
  m_Name: 
  m_EditorClassIdentifier: 
  material: {fileID: 2100000, guid: fa77fe97b0170804ab2b486d1cf3042f, type: 2}
  _Center: {x: .5, y: .5}
  _ScaleIn: {x: 1, y: 1}
  _Scale: {x: 1, y: 1}
  _HmdWarpParam: {x: 1, y: 0, z: 0, w: 0}
  material_CA: {fileID: 2100000, guid: 700ec7db7ac6ff24f9f4a3d4cd157910, type: 2}
  _ChromaticAberration: {x: .995999992, y: .991999984, z: 1.01400006, w: 1.01400006}
--- !u!114 &11400016
MonoBehaviour:
  m_ObjectHideFlags: 1
  m_PrefabParentObject: {fileID: 0}
  m_PrefabInternal: {fileID: 100100000}
  m_GameObject: {fileID: 100008}
  m_Enabled: 1
  m_EditorHideFlags: 0
  m_Script: {fileID: 11500000, guid: 467c1e6bb64de664bbba9800bb135078, type: 3}
  m_Name: 
  m_EditorClassIdentifier: 
  NeckPosition: {x: 0, y: .600000024, z: 0}
  EyePosition: {x: 0, y: .150000006, z: .0900000036}
--- !u!114 &11400018
MonoBehaviour:
  m_ObjectHideFlags: 1
  m_PrefabParentObject: {fileID: 0}
  m_PrefabInternal: {fileID: 100100000}
  m_GameObject: {fileID: 100008}
  m_Enabled: 1
  m_EditorHideFlags: 0
  m_Script: {fileID: 11500000, guid: 8b916b095975849c5ace05f9dfa7450d, type: 3}
  m_Name: 
  m_EditorClassIdentifier: 
  _layers:
    serializedVersion: 2
    m_Bits: 768
  _highlighter: {fileID: 0}
  _interactionColor: {r: 0, g: 0, b: 0, a: 0}
  _collectibleColor: {r: 0, g: .668965816, b: 1, a: 1}
  _interactionObject: {fileID: 0}
  _interactionRange: 3
--- !u!114 &11400020
MonoBehaviour:
  m_ObjectHideFlags: 1
  m_PrefabParentObject: {fileID: 0}
  m_PrefabInternal: {fileID: 100100000}
  m_GameObject: {fileID: 100004}
  m_Enabled: 1
  m_EditorHideFlags: 0
  m_Script: {fileID: 11500000, guid: a9dd9e8a50bff46b8856818e7043e395, type: 3}
  m_Name: 
  m_EditorClassIdentifier: 
--- !u!114 &11400022
MonoBehaviour:
  m_ObjectHideFlags: 1
  m_PrefabParentObject: {fileID: 0}
  m_PrefabInternal: {fileID: 100100000}
  m_GameObject: {fileID: 100004}
  m_Enabled: 1
  m_EditorHideFlags: 0
  m_Script: {fileID: 11500000, guid: ed504a77821b148c89eeacddc4ea385b, type: 3}
  m_Name: 
  m_EditorClassIdentifier: 
  _mySelectableObject: {fileID: 11400020}
  _controller: {fileID: 11400012}
  _cameraController: {fileID: 11400006}
  _respawnPoint: {fileID: 0}
--- !u!114 &11400024
MonoBehaviour:
  m_ObjectHideFlags: 1
  m_PrefabParentObject: {fileID: 0}
  m_PrefabInternal: {fileID: 100100000}
  m_GameObject: {fileID: 100008}
  m_Enabled: 1
  m_EditorHideFlags: 0
  m_Script: {fileID: 11500000, guid: 338cd69e9d8c0447f9a1a8db4690913b, type: 3}
  m_Name: 
  m_EditorClassIdentifier: 
  shader: {fileID: 4800000, guid: d1e3866eddaea4d9c98c8ae7a70ad6a8, type: 3}
  luminence: {r: .155933052, g: .551470578, b: 0, a: 0}
  noiseFactor: .00499999989
  scolour: 0
--- !u!114 &11400026
MonoBehaviour:
  m_ObjectHideFlags: 1
  m_PrefabParentObject: {fileID: 0}
  m_PrefabInternal: {fileID: 100100000}
  m_GameObject: {fileID: 100004}
  m_Enabled: 1
  m_EditorHideFlags: 0
  m_Script: {fileID: 11500000, guid: 4b241f1e624f941a4ac35dea1aeac2d1, type: 3}
  m_Name: 
  m_EditorClassIdentifier: 
  _keyType: 0
  _keyObject: {fileID: 0}
--- !u!114 &11400028
MonoBehaviour:
  m_ObjectHideFlags: 1
  m_PrefabParentObject: {fileID: 0}
  m_PrefabInternal: {fileID: 100100000}
  m_GameObject: {fileID: 100010}
  m_Enabled: 1
  m_EditorHideFlags: 0
  m_Script: {fileID: 11500000, guid: b285ad34fd6a24c35993eb73f7e7f3a9, type: 3}
  m_Name: 
  m_EditorClassIdentifier: 
--- !u!124 &12400000
Behaviour:
  m_ObjectHideFlags: 1
  m_PrefabParentObject: {fileID: 0}
  m_PrefabInternal: {fileID: 100100000}
  m_GameObject: {fileID: 100000}
  m_Enabled: 1
--- !u!124 &12400002
Behaviour:
  m_ObjectHideFlags: 1
  m_PrefabParentObject: {fileID: 0}
  m_PrefabInternal: {fileID: 100100000}
  m_GameObject: {fileID: 100008}
  m_Enabled: 1
--- !u!135 &13500000
SphereCollider:
  m_ObjectHideFlags: 1
  m_PrefabParentObject: {fileID: 0}
  m_PrefabInternal: {fileID: 100100000}
  m_GameObject: {fileID: 100010}
  m_Material: {fileID: 0}
  m_IsTrigger: 1
  m_Enabled: 1
  serializedVersion: 2
  m_Radius: .5
  m_Center: {x: -3, y: 1, z: 0}
--- !u!137 &13700000
SkinnedMeshRenderer:
  m_ObjectHideFlags: 1
  m_PrefabParentObject: {fileID: 0}
  m_PrefabInternal: {fileID: 100100000}
  m_GameObject: {fileID: 100014}
  m_Enabled: 1
  m_CastShadows: 1
  m_ReceiveShadows: 1
  m_LightmapIndex: 255
  m_LightmapTilingOffset: {x: 1, y: 1, z: 0, w: 0}
  m_Materials:
  - {fileID: 2100000, guid: 098ed7c997d0eff47a797a7415a93cf9, type: 2}
  - {fileID: 2100000, guid: 098ed7c997d0eff47a797a7415a93cf9, type: 2}
  m_SubsetIndices: 
  m_StaticBatchRoot: {fileID: 0}
  m_UseLightProbes: 0
  m_LightProbeAnchor: {fileID: 0}
  m_ScaleInLightmap: 1
  m_SortingLayer: 0
  m_SortingOrder: 0
  m_SortingLayerID: 0
  serializedVersion: 2
  m_Quality: 0
  m_UpdateWhenOffscreen: 0
  m_Mesh: {fileID: 4300000, guid: 45c3e1db38cd2a54eb858f0df26734be, type: 3}
  m_Bones:
  - {fileID: 400016}
  - {fileID: 400020}
  - {fileID: 400024}
  - {fileID: 400028}
  - {fileID: 400022}
  - {fileID: 400026}
  - {fileID: 400018}
  - {fileID: 400034}
  - {fileID: 400040}
  - {fileID: 400042}
  - {fileID: 400030}
  - {fileID: 400036}
  - {fileID: 400032}
  - {fileID: 400038}
  m_BlendShapeWeights: []
  m_RootBone: {fileID: 400018}
  m_AABB:
    m_Center: {x: -1.12909341, y: .0069232583, z: .030120492}
    m_Extent: {x: 2.99267507, y: 1.12022853, z: .999019861}
  m_DirtyAABB: 0
--- !u!143 &14300000
CharacterController:
  m_ObjectHideFlags: 1
  m_PrefabParentObject: {fileID: 0}
  m_PrefabInternal: {fileID: 100100000}
  m_GameObject: {fileID: 100004}
  serializedVersion: 2
  m_Height: 1
  m_Radius: 1
  m_SlopeLimit: 55
  m_StepOffset: .300000012
  m_SkinWidth: .0799999982
  m_MinMoveDistance: 0
  m_Center: {x: 0, y: 0, z: -1}
--- !u!1001 &100100000
Prefab:
  m_ObjectHideFlags: 1
  serializedVersion: 2
  m_Modification:
    m_TransformParent: {fileID: 0}
    m_Modifications: []
    m_RemovedComponents: []
  m_ParentPrefab: {fileID: 0}
  m_RootGameObject: {fileID: 100004}
  m_IsPrefabParent: 1
  m_IsExploded: 1
